
@article{reiter2001,
  title = {Climate Change and Mosquito-Borne Disease.},
  volume = {109},
  issn = {0091-6765},
  number = {Suppl 1},
  journal = {Environmental Health Perspectives},
  author = {Reiter, P},
  month = mar,
  year = {2001},
  pages = {141-161},
  pmid = {11250812},
  pmcid = {PMC1240549}
}


@article{bara2015,
	title = {Effect of Larval Competition on Extrinsic Incubation Period and Vectorial Capacity of \textit{Aedes albopictus} for Dengue Virus},
    journal = {{PLoS ONE}},
    volume = {10},
    number = {5},
    year = {2015},
    author = {Bara, J and Rapti, Z and Caceres, CE and Muturi, EJ},
    doi = {10.1371/journal.pone.0126703}
    }


@article{houk1979,
  title = {Peritrophic Membrane Formation and the Midgut Barrier to Arboviral Infection in the Mosquito, \textit{{{Culex}} Tarsalis} {{Coquillett}} ({{Insecta}}, {{Diptera}})},
  volume = {36},
  journal = {Acta Tropica},
  author = {Houk, EJ and Obie, F and Hardy, JL},
  year = {1979},
  pages = {39-45},
  file = {/home/drakelab/Dropbox/Zotero/storage/FY79WJ59/act-001_1979_36__425_d.pdf}
}


@article{franz2015,
  title = {Tissue {{Barriers}} to {{Arbovirus Infection}} in {{Mosquitoes}}},
  volume = {7},
  issn = {1999-4915},
  doi = {10.3390/v7072795},
  number = {7},
  journal = {Viruses},
  author = {Franz, Alexander W.E. and Kantor, Asher M. and Passarelli, A. Lorena and Clem, Rollie J.},
  month = jul,
  year = {2015},
  pages = {3741-3767},
  file = {/home/drakelab/Dropbox/Zotero/storage/XHQZ6MBR/Franz et al. - 2015 - Tissue Barriers to Arbovirus Infection in Mosquito.pdf},
  pmid = {26184281},
  pmcid = {PMC4517124}
}

@article{colinet2015,
  title = {Insects in {{Fluctuating Thermal Environments}}},
  volume = {60},
  doi = {10.1146/annurev-ento-010814-021017},
  number = {1},
  journal = {Annual Review of Entomology},
  author = {Colinet, Herv{\'e} and Sinclair, Brent J. and Vernon, Philippe and Renault, David},
  year = {2015},
  pages = {123-140},
  file = {/home/drakelab/Dropbox/Zotero/storage/AVVHWNZR/Colinet et al. - 2015 - Insects in Fluctuating Thermal Environments.pdf},
  pmid = {25341105}
}


@article{willard2017,
  title = {Zika {{Virus Exhibits Lineage}}-{{Specific Phenotypes}} in {{Cell Culture}}, in \textit{{{Aedes}} Aegypti} {{Mosquitoes}}, and in an {{Embryo Model}}},
  volume = {9},
  issn = {1999-4915},
  doi = {10.3390/v9120383},
  number = {12},
  journal = {Viruses},
  author = {Willard, Katherine A. and Demakovsky, Leah and Tesla, Blanka and Goodfellow, Forrest T. and Stice, Steven L. and Murdock, Courtney C. and Brindley, Melinda A.},
  month = dec,
  year = {2017},
  file = {/home/drakelab/Dropbox/Zotero/storage/X4ZYFS88/Willard et al. - 2017 - Zika Virus Exhibits Lineage-Specific Phenotypes in.pdf},
  pmid = {29258204},
  pmcid = {PMC5744157}
}

@article{christiansen-jucht2014,
  title = {Temperature during Larval Development and Adult Maintenance Influences the Survival of \textit{{{Anopheles}} Gambiae s.s.}},
  volume = {7},
  issn = {1756-3305},
  doi = {10.1186/s13071-014-0489-3},
  journal = {Parasites \& Vectors},
  author = {Christiansen-Jucht, C{\'e}line and Parham, Paul E and Saddler, Adam and Koella, Jacob C and Bas{\'a}{\~n}ez, Mar{\'\i}a-Gloria},
  month = nov,
  year = {2014},
  pmid = {25367091},
  pmcid = {PMC4236470}
}


@article{carrington2013,
  title = {Effects of Fluctuating Daily Temperatures at Critical Thermal Extremes on \textit{{{Aedes}} aegypti} Life-History Traits},
  volume = {8},
  issn = {1932-6203},
  doi = {10.1371/journal.pone.0058824},
  number = {3},
  journal = {PLOS ONE},
  author = {Carrington, Lauren B. and Armijos, M. Veronica and Lambrechts, Louis and Barker, Christopher M. and Scott, Thomas W.},
  month = mar,
  year = {2013},
  keywords = {Aedes aegypti,Blood,Fecundity,Humidity,Larvae,Mosquitoes,Population growth,population dynamics},
  pages = {e58824}
}

@article{mohammed2011,
  title = {Effects of Different Temperature Regimens on the Development of \textit{{Aedes} aegypti} ({{Diptera}}: {{Culicidae}}) Mosquitoes},
  volume = {119},
  issn = {0001-706X},
  doi = {10.1016/j.actatropica.2011.04.004},
  number = {1},
  journal = {Acta Tropica},
  author = {Mohammed, Azad and Chadee, Dave D.},
  month = jul,
  year = {2011},
  keywords = {Trinidad,Adaptation,Mosquito size,Sex ratio,Temperature effects},
  pages = {38--43}
}

@article{buyantuyev2010,
  title = {Urban Heat Islands and Landscape Heterogeneity: Linking Spatiotemporal Variations in Surface Temperatures to Land-Cover and Socioeconomic Patterns},
  volume = {25},
  issn = {0921-2973, 1572-9761},
  shorttitle = {Urban Heat Islands and Landscape Heterogeneity},
  doi = {10.1007/s10980-009-9402-4},
  language = {en},
  number = {1},
  journal = {Landscape Ecology},
  author = {Buyantuyev, Alexander and Wu, Jianguo},
  month = jan,
  year = {2010},
  pages = {17--33}
}




@article{tesla2017,
	title = {Estimating the effects of variation in viremia on mosquito susceptibility, infectiousness, and {R}0 of {Zika} in \textit{{Aedes} aegypti}},
	doi = {10.1101/221572},
	language = {en},
	urldate = {2017-11-18},
	journal = {bioRxiv},
	author = {Tesla, Blanka and Demakovsky, Leah R. and Packiam, Hannah S. and Mordecai, Erin A. and Rodriguez, Americo D. and Bonds, Matthew H. and Brindley, Melinda A. and Murdock, Courtney C.},
	month = nov,
	year = {2017},
	pages = {221572},
	file = {Full Text PDF:/Users/mvevans/Dropbox/Zotero/storage/NBTT6GPL/Tesla et al. - 2017 - Estimating the effects of variation in viremia on .pdf:application/pdf}
}

@article{murdock2012,
	title = {Complex effects of temperature on mosquito immune function},
	volume = {279},
	doi = {10.1098/rspb.2012.0638},
	journal = {Proceedings of the Royal Society B: Biological Sciences },
	author = {Murdock, Courtney and Paaijmans, Krijn and Bell, Andrew and King, Jonas and Hillyer, Julian and F Read, Andrew and Thomas, Matthew},
	month = may,
	year = {2012},
	pages = {3357--66}
}

@phdthesis{ezeakacha2015,
	title = {Environmental impacts and carry-over effects in complex life cycles: the role of different life history stages},
	school = {University of Southern Mississippi},
	author = {Ezeakacha, Nnaemeka F},
	year = {2015},
	file = {viewcontent.pdf:/Users/mvevans/Dropbox/Zotero/storage/W2TM5XLJ/viewcontent.pdf:application/pdf}
}

@Article{lmePackage,
    title = {Fitting Linear Mixed-Effects Models Using {lme4}},
    author = {Douglas Bates and Martin M{\"a}chler and Ben Bolker and Steve Walker},
    journal = {Journal of Statistical Software},
    year = {2015},
    volume = {67},
    number = {1},
    pages = {1--48},
    doi = {10.18637/jss.v067.i01},
  }

@Manual{Rstats2017,
    title = {R: A Language and Environment for Statistical Computing},
    author = {{R Core Team}},
    organization = {R Foundation for Statistical Computing},
    address = {Vienna, Austria},
    year = {2017},
    url = {https://www.R-project.org/},
  }


@article{pascual2006,
	title = {Malaria resurgence in the {East} {African} highlands: {Temperature} trends revisited},
	volume = {103},
	issn = {0027-8424},
	shorttitle = {Malaria resurgence in the {East} {African} highlands},
	doi = {10.1073/pnas.0508929103},
	number = {15},
	journal = {Proceedings of the National Academy of Sciences of the United States of America},
	author = {Pascual, M. and Ahumada, J. A. and Chaves, L. F. and Rod√≥, X. and Bouma, M.},
	month = apr,
	year = {2006},
	pmid = {16571662},
	pmcid = {PMC1416896},
	pages = {5829--5834},
	file = {PubMed Central Full Text PDF:/Users/mvevans/Dropbox/Zotero/storage/IJBR9P8W/Pascual et al. - 2006 - Malaria resurgence in the East African highlands .pdf:application/pdf}
}


@article{santos-vega2016,
	title = {Population {Density}, {Climate} {Variables} and {Poverty} {Synergistically} {Structure} {Spatial} {Risk} in {Urban} {Malaria} in {India}},
	volume = {10},
	issn = {1935-2735},
	doi = {10.1371/journal.pntd.0005155},
	number = {12},

	journal = {PLOS Neglected Tropical Diseases},
	author = {Santos-Vega, Mauricio and Bouma, Menno J. and Kohli, Vijay and Pascual, Mercedes},
	month = dec,
	year = {2016},
	keywords = {Humidity, India, Malaria, Malarial parasites, Plasmodium, Plasmodium vivax, Seasons, Urban environments},
	pages = {e0005155}
}

@article{paulson1991,
	title = {Effect of body size on the vector competence of field and laboratory populations of \textit{{Aedes} triseriatus} for {La} {Crosse} virus.},
	volume = {7},
	issn = {8756-971X},
	language = {eng},
	number = {2},
	urldate = {2017-06-12},
	journal = {Journal of the American Mosquito Control Association},
	author = {Paulson, S L and Hawley, W A},
	month = jun,
	year = {1991},
	pmid = {1895074},
	pages = {170--175}
}

@article{harrington2005,
	title = {Dispersal of the dengue vector \textit{{Aedes} aegypti} within and between rural communities},
	volume = {72},
	number = {2},
	journal = {American Journal of Tropical Medicine and Hygiene},
	author = {Harrington, L C and Scott, T W and Lerdthusnee, K and Coleman, R C and Costero, A and Clark, G G and Jones, J J and Kitthawee, S and Kittayapong, P and Sithiprasasna, R and Edman, J D},
	month = feb,
	year = {2005},
	pages = {209--220},
	file = {American Journal of Tropical Medicine and Hygiene 2005 Harrington:/home/drakelab/Dropbox/Zotero/storage/8V6663VW/American Journal of Tropical Medicine and Hygiene 2005 Harrington.pdf:application/pdf}
}

@article{vazeille-falcoz1999,
	title = {Variation in oral susceptibility to dengue type 2 virus of populations of \textit{{Aedes} aegypti} from the islands of {Tahiti} and {Moorea}, {French} {Polynesia}},
	volume = {60},
	issn = {0002-9637},
	language = {eng},
	number = {2},
	journal = {The American Journal of Tropical Medicine and Hygiene},
	author = {Vazeille-Falcoz, M. and Mousson, L. and Rodhain, F. and Chungue, E. and Failloux, A. B.},
	month = feb,
	year = {1999},
	pmid = {10072154},
	keywords = {Aedes, Animals, Feeding Behavior, Humans, Insect Vectors, Dengue, Dengue Virus, Disease Susceptibility, Polynesia},
	pages = {292--299}
}


@article{jourdan2016,
	title = {Adaptive growth reduction in response to fish kairomones allows mosquito larvae (\textit{{Culex} pipiens}) to reduce predation risk},
	volume = {78},
	issn = {10151621},
	doi = {10.1007/s00027-015-0432-5},
	number = {2},
	urldate = {2017-09-06},
	journal = {Aquatic Sciences},
	author = {Jourdan, Jonas and Baier, Jasmin and Riesch, R√ºdiger and Klimpel, Sven and Streit, Bruno and M√ºller, Ruth and Plath, Martin},
	month = apr,
	year = {2016},
	keywords = {Chemical cues, Culex pipiens, Habitat (Ecology), Inducible defense trait, Invasive species, Kairomones, Larvae, Phenotypic plasticity, Predation (Biology), Predator avoidance, Predator-prey interaction},
	pages = {303--314}
}

@article{anderson2010,
	title = {A simple method for determining arbovirus transmission in mosquitoes},
	volume = {26},
	issn = {8756-971X},
	doi = {10.2987/09-5935.1},
	number = {1},
	urldate = {2017-09-06},
	journal = {Journal of the American Mosquito Control Association},
	author = {Anderson, Sheri L. and Richards, Stephanie L. and Smartt, Chelsea T.},
	month = mar,
	year = {2010},
	pages = {108--111},
	file = {Full Text PDF:/Users/mvevans/Dropbox/Zotero/storage/2LYBWUBX/Anderson et al. - 2010 - A Simple Method for Determining Arbovirus Transmis.pdf:application/pdf}
}

@article{hurlbut1966,
	title = {Mosquito salivation and virus transmission},
	volume = {15},
	issn = {0002-9637},
	language = {eng},
	number = {6},
	journal = {The American Journal of Tropical Medicine and Hygiene},
	author = {Hurlbut, H. S.},
	month = nov,
	year = {1966},
	pmid = {5959114},
	keywords = {Animals, Culex, Encephalitis Viruses, Encephalitis, St. Louis, Insect Vectors, Mice, Poultry, Saliva},
	pages = {989--993}
}

@article{graham2003,
	title = {Confronting multicollinearity in ecological multiple regression},
	volume = {84},
	issn = {1939-9170},
	doi = {10.1890/02-3114},
	language = {en},
	number = {11},
	urldate = {2017-09-06},
	journal = {Ecology},
	author = {Graham, Michael H.},
	month = nov,
	year = {2003},
	keywords = {confounding factors, multicollinearity, multiple regression, principal components regression, sequential regression, structural equation modeling},
	pages = {2809--2815},
	file = {PDF.pdf:/Users/mvevans/Dropbox/Zotero/storage/JRTCPJBU/PDF.pdf:application/pdf}
}

@article{koella1996,
  title = {Variability in the relationship between weight and wing length of \textit{{Anopheles} Gambiae} ({{Diptera}}: {{Culicidae}})},
  volume = {33},
  issn = {0022-2585},
  shorttitle = {Variability in the Relationship between Weight and Wing Length of {{Anopheles}} Gambiae ({{Diptera}}},
  language = {English},
  timestamp = {2017-09-03T18:18:48Z},
  number = {2},
  journal = {Journal of Medical Entomology},
  author = {Koella, J. C. and Lyimo, E. O.},
  month = mar,
  year = {1996},
  keywords = {Adult,aedes-aegypti,Anopheles gambiae,Body size,body weight,consequences,Fecundity,larval density,Malaria,mosquito,size variation,success,wing length},
  pages = {261--264}
}

@article{dodson2012,
  title = {Effects of larval rearing temperature on immature development and {{West Nile}} virus vector competence of \textit{{Culex} tarsalis}},
  volume = {5},
  copyright = {2012 Dodson et al.; licensee BioMed Central Ltd.},
  issn = {1756-3305},
  doi = {10.1186/1756-3305-5-199},
  language = {En},
  timestamp = {2017-09-03T18:07:17Z},
  number = {1},
  urldate = {2017-09-03},
  journal = {Parasites \& Vectors},
  author = {Dodson, Brittany L. and Kramer, Laura D. and Rasgon, Jason L.},
  month = sep,
  year = {2012},
  pages = {199},
  file = {Full Text PDF:/Users/mvevans/Library/Application Support/Zotero/Profiles/7gwsnntd.default/zotero/storage/85JJDWDR/Dodson et al. - 2012 - Effects of larval rearing temperature on immature .pdf:application/pdf}
}


@article{reiskind2012a,
  title = {Is bigger really bigger? {{Differential}} responses to temperature in measures of body size of the mosquito, \textit{{Aedes} albopictus}},
  volume = {58},
  issn = {0022-1910},
  shorttitle = {Is Bigger Really Bigger?},
  doi = {10.1016/j.jinsphys.2012.04.006},
  timestamp = {2017-08-14T18:57:29Z},
  number = {7},
  journal = {Journal of Insect Physiology},
  author = {Reiskind, Michael H. and Zarrabi, Ali A.},
  month = jul,
  year = {2012},
  keywords = {Allometry,Bergmann‚Äôs rule,Insects,Plasticity,Reaction norm,Temperature-size growth rule},
  pages = {911--917},
  file = {ScienceDirect Full Text PDF:/Users/mvevans/Library/Application Support/Zotero/Profiles/7gwsnntd.default/zotero/storage/TI53NNEE/Reiskind and Zarrabi - 2012 - Is bigger really bigger Differential responses to.pdf:application/pdf}
}


@article{farjana2011,
  title = {Effects of temperature and diet on development and interspecies competition in \textit{{{Aedes}} aegypti} and \textit{{{Aedes}} Albopictus}},
  volume = {26},
  doi = {10.1111/j.1365-2915.2011.00971.x},
  timestamp = {2016-11-28T20:50:08Z},
  number = {2},
  journal = {Medical and Veterinary Entomology},
  author = {Farjana, T and Tuno, N and Higa, Y},
  month = jul,
  year = {2011},
  pages = {210--217},
  file = {Medical and Veterinary Entomology 2011 FARJANA:/Users/mvevans/Library/Application Support/Zotero/Profiles/7gwsnntd.default/zotero/storage/7DUNT9H3/Medical and Veterinary Entomology 2011 FARJANA.pdf:application/pdf}
}

@article {nakagawa2013,
author = {Nakagawa, Shinichi and Schielzeth, Holger},
title = {A general and simple method for obtaining R2 from generalized linear mixed-effects models},
journal = {Methods in Ecology and Evolution},
volume = {4},
number = {2},
issn = {2041-210X},
doi = {10.1111/j.2041-210x.2012.00261.x},
pages = {133--142},
keywords = {coefficient of determination, goodness-of-fit, heritability, information criteria, intra-class correlation, linear models, model fit, repeatability, variance explained},
year = {2013},
}


@article{li2014,
	title = {Urbanization increases \textit{{Aedes} albopictus} larval habitats and accelerates mosquito development and survivorship},
	volume = {8},
	doi = {10.1371/journal.pntd.0003301},
	number = {11},
	journal = {PLoS Neglected Tropical Diseases},
	author = {Li, Yiji and Kamara, Fatmata and Zhou, Guofa and Puthiyakunnon, Santhosh and Li, Chunyuan and Liu, Yanxia and Zhou, Yanhe and Yao, Lijie and Yan, Guiyun and Chen, Xiao-Guang},
	editor = {Kittayapong, Pattamaporn},
	month = nov,
	year = {2014},
	pages = {e3301--12},
	file = {PLoS Negl Trop Dis 2014 Li:/home/drakelab/Zotero/storage/P5EE26KN/PLoS Negl Trop Dis 2014 Li.pdf:application/pdf}
}

@article{afrane2007,
	title = {Life-table analysis of \textit{{Anopheles} arabiensis} in western {Kenya} highlands: effects of land covers on larval and adult survivorship},
	volume = {77},
	issn = {0002-9637},
	shorttitle = {Life-table analysis of {Anopheles} arabiensis in western {Kenya} highlands},
	language = {eng},
	number = {4},
	journal = {The American Journal of Tropical Medicine and Hygiene},
	author = {Afrane, Yaw A. and Zhou, Goufa and Lawson, Bernard W. and Githeko, Andrew K. and Yan, Guiyun},
	month = oct,
	year = {2007},
	pmid = {17978067},
	keywords = {Animals, Anopheles, Conservation of Natural Resources, Ecosystem, Female, Insect Vectors, Male, Malaria, Fertility, Larva, Kenya, Life Cycle Stages, Life Tables, Microclimate},
	pages = {660--666}
}

@article{murdock2017,
  title = {Fine-Scale variation in microclimate across an urban landscape shapes variation in mosquito population dynamics and the potential of \textit{{Aedes} albopictus} to transmit arboviral disease},
  volume = {11},
  issn = {1935-2735},
  doi = {10.1371/journal.pntd.0005640},
  timestamp = {2017-08-02T18:26:44Z},
  number = {5},
  urldate = {2017-08-02},
  journal = {PLOS Neglected Tropical Diseases},
  author = {Murdock, Courtney C. and Evans, Michelle V. and McClanahan, Taylor D. and Miazgowicz, Kerri L. and Tesla, Blanka},
  month = may,
  year = {2017},
  keywords = {Autumn,Humidity,land use,Mosquitoes,Physiological parameters,Seasons,Summer,Weather stations},
  pages = {e0005640},
  file = {Full Text PDF:/Users/mvevans/Library/Application Support/Zotero/Profiles/7gwsnntd.default/zotero/storage/R3ZCH5RX/Murdock et al. - 2017 - Fine-scale variation in microclimate across an urb.pdf:application/pdf}
}

@article{lu2006,
  title = {Use of impervious surface in urban land-use classification},
  volume = {102},
  issn = {0034-4257},
  doi = {10.1016/j.rse.2006.02.010},
  timestamp = {2017-07-03T15:12:58Z},
  number = {1},
  journal = {Remote Sensing of Environment},
  author = {Lu, Dengsheng and Weng, Qihao},
  month = may,
  year = {2006},
  keywords = {Impervious surface,Land surface temperature,Linear spectral mixture analysis,Population density,Urban land-use classification},
  pages = {146--160},
  file = {ScienceDirect Snapshot:/Users/mvevans/Library/Application Support/Zotero/Profiles/7gwsnntd.default/zotero/storage/2UD6FM3I/S0034425706000721.html:text/html},
  groups = {urbanDengue}
}

@article{yuan2007,
  title = {Comparison of impervious surface area and normalized difference vegetation index as indicators of surface urban heat island effects in {{Landsat}} imagery},
  volume = {106},
  doi = {10.1016/j.rse.2006.09.003},
  timestamp = {2017-07-03T15:56:07Z},
  number = {3},
  journal = {Remote Sens. Environ.},
  author = {Yuan, Fei and Bauer, Marvin E},
  year = {2007},
  pages = {375--386},
  file = {02e7e52d031729335f000000.pdf:/Users/mvevans/Library/Application Support/Zotero/Profiles/7gwsnntd.default/zotero/storage/KT2HDN5S/02e7e52d031729335f000000.pdf:application/pdf},
  groups = {urbanDengue}
}

@article{bhatt2013,
  title = {The Global Distribution and Burden of Dengue},
  volume = {496},
  doi = {10.1038/nature12060},
  abstract = {Nature 496, 504 (2013). doi:10.1038/nature12060},
  timestamp = {2016-11-28T20:53:21Z},
  number = {7446},
  journal = {Nature},
  author = {Bhatt, Samir and Gething, Peter W and Brady, Oliver J and Messina, Jane P and Farlow, Andrew W and Moyes, Catherine L and Drake, John M and Brownstein, John S and Hoen, Anne G and Sankoh, Osman and Myers, Monica F and George, Dylan B and Jaenisch, Thomas and Wint, G R William and Simmons, Cameron P and Scott, Thomas W and Farrar, Jeremy J and Hay, Simon I},
  month = apr,
  year = {2013},
  pages = {504--507},
  file = {Nature 2013 Bhatt:/Users/mvevans/Library/Application Support/Zotero/Profiles/7gwsnntd.default/zotero/storage/KKT2G6B8/Nature 2013 Bhatt.pdf:application/pdf},
  groups = {papersRIS}
}

@article{cator2013,
  title = {Characterizing microclimate in urban malaria transmission settings: {A} Case Study from {{Chennai}}, {{India}}},
  volume = {12},
  doi = {10.1186/1475-2875-12-84},
  abstract = {Malaria Journal 2013, 12:1. doi:10.1186/1475-2875-12-84},
  timestamp = {2016-11-28T20:53:56Z},
  number = {1},
  journal = {Malaria Journal},
  author = {Cator, Lauren J and Thomas, Shalu and Paaijmans, Krijn P and Ravishankaran, Sangamithra and Justin, Johnson A and Mathai, Manu T and Read, Andrew F and Thomas, Matthew B and Eapen, Alex},
  month = mar,
  year = {2013},
  pages = {1--1},
  file = {Malaria Journal 2013 Cator:/Users/mvevans/Library/Application Support/Zotero/Profiles/7gwsnntd.default/zotero/storage/UHDQJ4FG/Malaria Journal 2013 Cator.pdf:application/pdf},
  groups = {papersRIS}
}

@article{suwanchaichinda1998,
  title = {Effects of larval nutrition, adult body size, and adult temperature on the ability of \textit{{{Anopheles}} gambiae} ({{Diptera}}: {{Culicidae}}) to melanize sephadex beads},
  volume = {35},
  issn = {0022-2585},
  language = {eng},
  timestamp = {2017-06-14T13:42:45Z},
  number = {2},
  journal = {J. Med. Entomol.},
  author = {Suwanchaichinda, C. and Paskewitz, S. M.},
  month = mar,
  year = {1998},
  keywords = {Animal Nutritional Physiological Phenomena,Animals,Anopheles,Dextrans,Digestive System Physiological Phenomena,Gels,Immunity; Innate,Larva,Melanins,Plasmodium,temperature},
  pages = {157--161},
  groups = {urbanDengue},
  pmid = {9538577}
}

@article{buckner2016,
  title = {Larval temperature\textendash{}food effects on adult mosquito infection and vertical transmission of dengue-1 virus},
  volume = {53},
  doi = {10.1093/jme/tjv145},
  timestamp = {2016-11-28T20:50:50Z},
  number = {1},
  journal = {Journal of Medical Entomology},
  author = {Buckner, Eva A and Alto, Barry W and Lounibos, L Philip},
  month = jan,
  year = {2016},
  pages = {91--98},
  file = {9E64C931-DA45-4102-9ADF-0ED03247CE04:/Users/mvevans/Library/Application Support/Zotero/Profiles/7gwsnntd.default/zotero/storage/XSBKWAWD/9E64C931-DA45-4102-9ADF-0ED03247CE04.pdf:application/pdf},
  groups = {mosqCompetition,papersRIS,urbanDengue}
}

@article{vantaux2016,
  title = {Larval nutritional stress affects vector life history traits and human malaria transmission},
  volume = {6},
  doi = {10.1038/srep36778},
  abstract = {srep ,  (2016). doi:10.1038/srep36778},
  timestamp = {2016-11-28T20:50:50Z},
  number = {36778},
  journal = {Scientific Reports},
  author = {Vantaux, Am{\'e}lie and Lef{\`e}vre, Thierry and Cohuet, Anna and Dabir{\'e}, Kounbobr Roch and Roche, Benjamin and Roux, Olivier},
  month = nov,
  year = {2016},
  pages = {1--10},
  file = {F075E989-35AB-4856-8DB3-D0821DA0C88B:/Users/mvevans/Library/Application Support/Zotero/Profiles/7gwsnntd.default/zotero/storage/BIGQSPFT/F075E989-35AB-4856-8DB3-D0821DA0C88B.pdf:application/pdf},
  groups = {papersRIS}
}

@article{alto2013,
  title = {Temperature and dengue virus infection in mosquitoes: {Independent} effects on the immature and adult stages},
  volume = {88},
  issn = {1476-1645},
  shorttitle = {Temperature and Dengue Virus Infection in Mosquitoes},
  doi = {10.4269/ajtmh.12-0421},
  timestamp = {2017-08-28T20:01:58Z},
  number = {3},
  urldate = {2017-08-28},
  journal = {The American Journal Of Tropical Medicine And Hygiene},
  author = {Alto, Barry W and Bettinardi, David},
  month = mar,
  year = {2013},
  keywords = {Aedes/*virology,Animals,Dengue Virus/*physiology,Female,Host-Pathogen Interactions,Insect Vectors/*virology,Larva/virology,Male,Pupa/virology,Temperature*},
  pages = {497--505}
}

@article{muturi2011d,
  title = {Can pesticides and larval competition alter susceptibility of \textit{{Aedes} mosquitoes} ({{Diptera}}: {{Culicidae}}) to arbovirus Infection?},
  volume = {48},
  issn = {0022-2585},
  doi = {10.1603/ME10213},
  timestamp = {2017-06-14T13:26:44Z},
  number = {2},
  journal = {Journal of Medical Entomology},
  author = {Muturi, Ephantus J. and Costanzo, Katie and Kesavaraju, Banugopan and Alto, Barry W.},
  month = mar,
  year = {2011},
  pages = {429--436},
  groups = {urbanDengue}
}

@article{muturi2012a,
  title = {Temperature and density-dependent effects of larval environment on \textit{{Aedes} aegypti} competence for an Alphavirus},
  volume = {37},
  issn = {1948-7134},
  doi = {10.1111/j.1948-7134.2012.00212.x},
  language = {eng},
  timestamp = {2017-06-14T13:26:32Z},
  number = {1},
  journal = {J. Vector Ecol.},
  author = {Muturi, Ephantus J. and Blackshear, Millon and Montgomery, Allison},
  month = jun,
  year = {2012},
  keywords = {Aedes,Alphavirus,Animals,Female,Insect Vectors,Larva,temperature},
  pages = {154--161},
  groups = {urbanDengue},
  pmid = {22548549}
}

@article{grimstad1991,
  title = {\textit{{Aedes} triseriatus} ({{Diptera}}: {{Culicidae}}) and {{La Crosse}} Virus. {{IV}}. {{Nutritional}} deprivation of larvae affects the adult barriers to infection and transmission},
  volume = {28},
  issn = {0022-2585},
  shorttitle = {Aedes Triseriatus ({{Diptera}}},
  language = {eng},
  timestamp = {2017-06-14T13:25:05Z},
  number = {3},
  journal = {Journal of Medical Entomology},
  author = {Grimstad, P. R. and Walker, E. D.},
  month = may,
  year = {1991},
  keywords = {Aedes,Animal Nutritional Physiological Phenomena,Animals,Encephalitis; California,Female,Insect Vectors,Larva,Mice},
  pages = {378--386},
  groups = {urbanDengue},
  pmid = {1875364}
}

@article{price2015,
  title = {Small mosquitoes, large implications: Crowding and starvation affects gene expression and nutrient accumulation in \textit{{Aedes} aegypti}},
  volume = {8},
  issn = {1756-3305},
  shorttitle = {Small Mosquitoes, Large Implications},
  doi = {10.1186/s13071-015-0863-9},
  timestamp = {2017-06-10T21:29:12Z},
  journal = {Parasites \& Vectors},
  author = {Price, David P. and Schilkey, Faye D. and Ulanov, Alexander and Hansen, Immo A.},
  year = {2015},
  keywords = {Aedes aegypti,fat body,Immunity,Metabolome,Nutrition,RNAseq,Starvation,Transcriptome},
  pages = {252},
  groups = {urbanDengue}
}

@article{muturi2012,
  title = {Temperature-mediated differential expression of immune and stress-related genes in \textit{{Aedes} aegypti} larvae},
  volume = {28},
  timestamp = {2016-11-28T20:52:19Z},
  number = {2},
  journal = {Journal of the American Mosquito Control Association},
  author = {Muturi, Ephantus J and Nyakeriga, Alive and Blackshear, Millon},
  month = jul,
  year = {2012},
  pages = {79--83},
  groups = {mosqCompetition,papersRIS}
}

@article{monaghan2008,
  title = {Early growth conditions, phenotypic development and environmental change},
  volume = {363},
  copyright = {\textcopyright{} 2007 The Royal Society},
  issn = {0962-8436, 1471-2970},
  doi = {10.1098/rstb.2007.0011},
  language = {en},
  timestamp = {2017-06-10T21:28:42Z},
  number = {1497},
  urldate = {2017-06-10},
  journal = {Philosophical Transactions of the Royal Society of London B Biological Sciences},
  author = {Monaghan, Pat},
  month = may,
  year = {2008},
  pages = {1635--1645},
  groups = {urbanDengue},
  pmid = {18048301}
}

@article{shapiro2016,
  title = {Larval food quantity affects the capacity of adult mosquitoes to transmit human malaria},
  volume = {283},
  doi = {10.1098/rspb.2016.0298},
  timestamp = {2016-11-28T20:54:08Z},
  number = {1834},
  journal = {Proceedings B},
  author = {Shapiro, Lillian L M and Murdock, Courtney C and Jacobs, Gregory R and Thomas, Rachel J and Thomas, Matthew B},
  month = jul,
  year = {2016},
  pages = {20160298--8},
  file = {260A82E2-5DD9-44D2-BAE9-1A989683178B:/Users/mvevans/Library/Application Support/Zotero/Profiles/7gwsnntd.default/zotero/storage/QDNF8364/260A82E2-5DD9-44D2-BAE9-1A989683178B.pdf:application/pdf},
  groups = {papersRIS}
}

@article{moller-jacobs2014,
  title = {Capacity of mosquitoes to transmit malaria depends on larval environment},
  volume = {7},
  issn = {1756-3305},
  doi = {10.1186/s13071-014-0593-4},
  journal = {Parasites \& Vectors},
  author = {Moller-Jacobs, Lillian L. and Murdock, Courtney C. and Thomas, Matthew B.},
  year = {2014},
  keywords = {Anopheles stephensi,Disease ecology,Food stress,Host-Parasite Interactions,Nutrition,Plasmodium yoelii yoelii,Trans-stadial effects},
  pages = {593},
  groups = {urbanDengue}
}

@article{nghabi2005,
  title = {Effect of larval crowding on mating competitiveness of \textit{{{Anopheles}} gambiae} mosquitoes},
  volume = {4},
  issn = {1475-2875},
  doi = {10.1186/1475-2875-4-49},
  timestamp = {2017-06-12T15:52:12Z},
  journal = {Malaria Journal},
  author = {Ng'habi, Kija R. and John, Bernadette and Nkwengulila, Gamba and Knols, Bart GJ and Killeen, Gerry F. and Ferguson, Heather M.},
  year = {2005},
  pages = {49},
  file = {Full Text PDF:/Users/mvevans/Library/Application Support/Zotero/Profiles/7gwsnntd.default/zotero/storage/Q39QDX9D/Ng'habi et al. - 2005 - Effect of larval crowding on mating competitivenes.pdf:application/pdf}
}

@article{inger2010,
  title = {Carry-over effects reveal reproductive costs in a longdistance migrant},
  volume = {79},
  issn = {0021-8790},
  timestamp = {2017-07-03T14:16:25Z},
  number = {5},
  journal = {Journal of Animal Ecology},
  author = {Inger, Richard and Harrison, Xavier A. and Ruxton, Graeme D. and Newton, Jason and Colhoun, Kendrew and Gudmundsson, Gudmundur A. and McElwaine, Graham and Pickford, Matthew and Hodgson, David and Bearhop, Stuart},
  year = {2010},
  pages = {974--982},
  groups = {urbanDengue}
}

@article{roux2015a,
  title = {Evidence for carry-over effects of predator exposure on pathogen transmission potential},
  volume = {282},
  copyright = {\textcopyright{} 2015 The Author(s). http://royalsocietypublishing.org/licence},
  issn = {0962-8452, 1471-2954},
  doi = {10.1098/rspb.2015.2430},
  language = {en},
  timestamp = {2017-06-10T21:31:48Z},
  number = {1821},
  urldate = {2017-06-10},
  journal = {Proceedings of the Royal Society Biology},
  author = {Roux, Olivier and Vantaux, Am{\'e}lie and Roche, Benjamin and Yameogo, Koudraogo B. and Dabir{\'e}, Kounbobr R. and Diabat{\'e}, Abdoulaye and Simard, Frederic and Lef{\`e}vre, Thierry},
  month = dec,
  year = {2015},
  pages = {20152430},
  file = {Full Text PDF:/Users/mvevans/Library/Application Support/Zotero/Profiles/7gwsnntd.default/zotero/storage/UPPWU6K6/Roux et al. - 2015 - Evidence for carry-over effects of predator exposu.pdf:application/pdf},
  groups = {urbanDengue},
  pmid = {26674956}
}

@article{deblock2005a,
  title = {Fitness effects from egg to reproduction: {{Bridging}} the life history transition},
  volume = {86},
  issn = {0012-9658},
  shorttitle = {Fitness {{Effects}} from {{Egg}} to {{Reproduction}}},
  timestamp = {2017-06-10T21:33:28Z},
  number = {1},
  journal = {Ecology},
  author = {De Block, Marjan and Stoks, Robby},
  year = {2005},
  pages = {185--197},
  file = {JSTOR Full Text PDF:/Users/mvevans/Library/Application Support/Zotero/Profiles/7gwsnntd.default/zotero/storage/7NKU8DR9/De Block and Stoks - 2005 - Fitness Effects from Egg to Reproduction Bridging.pdf:application/pdf},
  groups = {urbanDengue}
}

@article{norris2006,
  title = {Predicting the consequences of carry-over effects for migratory populations},
  volume = {2},
  issn = {1744-9561},
  doi = {10.1098/rsbl.2005.0397},
  timestamp = {2017-08-31T14:43:34Z},
  number = {1},
  journal = {Biology Letters},
  author = {Norris, D. Ryan and Taylor, Caz M},
  month = mar,
  year = {2006},
  pages = {148--151},
  file = {PubMed Central Full Text PDF:/Users/mvevans/Library/Application Support/Zotero/Profiles/7gwsnntd.default/zotero/storage/7M56GRD4/Norris and Taylor - 2006 - Predicting the consequences of carry-over effects .pdf:application/pdf},
  pmid = {17148350},
  pmcid = {PMC1617207}
}

@article{muturi2011a,
  title = {Larval environmental stress alters \textit{{{Aedes}} aegypti} competence for {{Sindbis}} virus},
  volume = {16},
  doi = {10.1111/j.1365-3156.2011.02796.x},
  timestamp = {2016-11-28T20:54:07Z},
  number = {8},
  journal = {Trop Med Int Health},
  author = {Muturi, Ephantus J and Kim, Chang-Hyun and Alto, Barry W and Berenbaum, May R and Schuler, Mary A},
  month = may,
  year = {2011},
  pages = {955--964},
  file = {715FC7AF-70C5-458A-9FFB-38B3C18E7C48:/Users/mvevans/Library/Application Support/Zotero/Profiles/7gwsnntd.default/zotero/storage/A9K2DGSG/715FC7AF-70C5-458A-9FFB-38B3C18E7C48.pdf:application/pdf},
  groups = {papersRIS}
}

@article{muturi2011b,
  title = {Larval environmental temperature and insecticide exposure alter \textit{{Aedes} aegypti} Competence for arboviruses},
  volume = {11},
  doi = {10.1089/vbz.2010.0209},
  timestamp = {2016-11-28T20:50:10Z},
  number = {8},
  journal = {Vector-Borne and Zoonotic Diseases},
  author = {Muturi, Ephantus J and Alto, Barry W},
  month = aug,
  year = {2011},
  pages = {1157--1163},
  file = {BF0C96A9-A01B-45B7-9DAF-04F2DCA32949:/Users/mvevans/Library/Application Support/Zotero/Profiles/7gwsnntd.default/zotero/storage/KTPTK5JW/BF0C96A9-A01B-45B7-9DAF-04F2DCA32949.pdf:application/pdf},
  groups = {papersRIS}
}

@article{muturi2011c,
  title = {Effect of temperature and insecticide stress on life-history traits of \textit{{{Culex}} restuans} and \textit{{{Aedes}} albopictus} ({{Diptera}}: {{Culicidae}})},
  volume = {48},
  issn = {0022-2585},
  language = {eng},
  timestamp = {2017-06-10T21:06:54Z},
  number = {2},
  journal = {Journal of Medical Entomology},
  author = {Muturi, Ephantus J. and Lampman, Richard and Costanzo, Katie and Alto, Barry W.},
  month = mar,
  year = {2011},
  keywords = {Aedes,Animals,Culex,Female,Insecticides,Larva,Malathion,Species Specificity,temperature},
  pages = {243--250},
  groups = {urbanDengue},
  pmid = {21485359}
}

@article{alto2005,
  title = {Larval competition differentially affects arbovirus infection in \textit{{{Aedes}}} mosquitoes},
  volume = {86},
  issn = {0012-9658},
  timestamp = {2017-05-19T21:23:18Z},
  number = {12},
  urldate = {2017-05-19},
  journal = {Ecology},
  author = {Alto, Barry W. and Lounibos, L. Philip and Higgs, Stephen and Juliano, Steven A.},
  year = {2005},
  pages = {3279--3288},
  groups = {mosqCompetition}
}

@article{alto2008,
  title = {Size alters susceptibility of vectors to dengue virus infection and dissemination},
  volume = {79},
  timestamp = {2016-11-28T20:52:26Z},
  number = {5},
  journal = {Am. J. Trop. Med. Hyg.},
  author = {Alto, Barry W and Reiskind, Michael H and Lounibos, L Philip},
  month = oct,
  year = {2008},
  pages = {688--695},
  file = {57066D61-F4A6-47B5-81E0-A4C59DBED8CD:/Users/mvevans/Library/Application Support/Zotero/Profiles/7gwsnntd.default/zotero/storage/Z9WV6GS2/57066D61-F4A6-47B5-81E0-A4C59DBED8CD.pdf:application/pdf},
  groups = {papersRIS,urbanDengue}
}

@article{angilleta2004,
  title = {Temperature, growth rate, and body size in ectotherms: {Fitting} piece of a life-history puzzle},
  volume = {44},
  timestamp = {2016-11-28T20:51:08Z},
  journal = {Integrative and Comparative Biology},
  author = {Angilleta, Michael J and Steury, Todd D and Sears, Micheal W},
  month = jan,
  year = {2004},
  pages = {498--509},
  file = {ABD999E6-54A0-4D4C-8939-EE1EF15F72E4:/Users/mvevans/Library/Application Support/Zotero/Profiles/7gwsnntd.default/zotero/storage/QVC6G25U/ABD999E6-54A0-4D4C-8939-EE1EF15F72E4.pdf:application/pdf},
  groups = {papersRIS,urbanDengue}
}

@article{kingsolver2008,
  title = {Size, temperature, and fitness: {{Three}} rules},
  volume = {10},
  issn = {1522-0613},
  shorttitle = {Size, Temperature, and Fitness},
  language = {English},
  timestamp = {2017-08-14T19:18:38Z},
  number = {2},
  urldate = {2017-08-14},
  journal = {Evolutionary Ecology Research},
  author = {Kingsolver, Joel G. and Huey, Raymond B.},
  year = {2008},
  pages = {251--268},
  file = {Full Text PDF:/Users/mvevans/Library/Application Support/Zotero/Profiles/7gwsnntd.default/zotero/storage/8WJQUCH8/Kingsolver and Huey - 2008 - Size, temperature, and fitness three rules.pdf:application/pdf}
}

@article{ratkowsky1982,
  title = {Relationship between temperature and growth rate of bacterial cultures},
  volume = {149},
  issn = {0021-9193, 1098-5530},
  language = {en},
  timestamp = {2017-08-14T19:03:00Z},
  number = {1},
  urldate = {2017-08-14},
  journal = {Journal of Bacteriology},
  author = {Ratkowsky, D. A. and Olley, J. and McMeekin, T. A. and Ball, A.},
  month = jan,
  year = {1982},
  pages = {1--5},
  groups = {urbanDengue},
  pmid = {7054139}
}

@article{lounibos2002,
  title = {Does temperature affect the outcome of larval competition between \textit{{{Aedes}} aegypti} and \textit{{{Aedes}} albopictus}?},
  volume = {27},
  timestamp = {2016-11-28T20:50:18Z},
  number = {1},
  journal = {Journal of Vector Ecology},
  author = {Lounibos, L P and Suarez, S and Menendez, Z and Nishimura, N and Escher, R L and O'Connell, S M and Rey, J R},
  month = jun,
  year = {2002},
  pages = {86--95},
  file = {Journal of Vector Ecology 2002 Lounibos:/Users/mvevans/Library/Application Support/Zotero/Profiles/7gwsnntd.default/zotero/storage/BWG6RPB7/Journal of Vector Ecology 2002 Lounibos.pdf:application/pdf},
  groups = {mosqCompetition,papersRIS}
}

@article{beck-johnson2013,
  title = {The effect of temperature on \textit{{{Anopheles}}} mosquito population dynamics and the potential for malaria transmission},
  volume = {8},
  issn = {1932-6203},
  doi = {10.1371/journal.pone.0079276},
  timestamp = {2017-08-15T23:32:47Z},
  number = {11},
  urldate = {2017-08-15},
  journal = {PLOS ONE},
  author = {Beck-Johnson, Lindsay M. and Nelson, William A. and Paaijmans, Krijn P. and Read, Andrew F. and Thomas, Matthew B. and Bj{\o}rnstad, Ottar N.},
  month = nov,
  year = {2013},
  keywords = {Death rates,Larvae,malaria,Malarial parasites,Mosquitoes,Parasitic diseases,Plasmodium,population dynamics},
  pages = {e79276},
  groups = {urbanDengue}
}

@article{reiner2015,
  title = {Seasonality of \textit{{{Plasmodium}} falciparum} transmission: A systematic review},
  volume = {14},
  issn = {1475-2875},
  shorttitle = {Seasonality of {{Plasmodium}} Falciparum Transmission},
  doi = {10.1186/s12936-015-0849-2},
  language = {en},
  timestamp = {2017-08-28T20:37:43Z},
  number = {1},
  urldate = {2017-08-28},
  journal = {Malar. J.},
  author = {Reiner, Robert C. and Geary, Matthew and Atkinson, Peter M. and Smith, David L. and Gething, Peter W.},
  month = dec,
  year = {2015}
}

@article{reiskind2009a,
  title = {Effects of intraspecific larval competition on adult longevity in the mosquitoes \textit{{{Aedes}} aegypti} and \textit{{{Aedes}} albopictus}},
  volume = {23},
  issn = {1365-2915},
  doi = {10.1111/j.1365-2915.2008.00782.x},
  language = {en},
  timestamp = {2017-08-15T23:36:29Z},
  number = {1},
  journal = {Med. Vet. Entomol.},
  author = {Reiskind, M. H. and Lounibos, L. P.},
  month = mar,
  year = {2009},
  keywords = {adult environment,Aedes aegypti,Aedes albopictus,Dengue,desiccation,larval environment,Longevity,mosquito life history},
  pages = {62--68},
  groups = {urbanDengue}
}

@article{peng2012,
  title = {Surface urban heat island across 419 global big cities},
  volume = {46},
  issn = {0013-936X},
  doi = {10.1021/es2030438},
  timestamp = {2017-08-14T17:48:42Z},
  number = {2},
  journal = {Environ. Sci. Technol.},
  author = {Peng, Shushi and Piao, Shilong and Ciais, Philippe and Friedlingstein, Pierre and Ottle, Catherine and Br{\'e}on, Fran{\c c}ois-Marie and Nan, Huijuan and Zhou, Liming and Myneni, Ranga B.},
  month = jan,
  year = {2012},
  pages = {696--703},
  groups = {urbanDengue}
}

@article{cohen2016,
  title = {Spatial scale modulates the strength of ecological processes driving disease distributions},
  volume = {113},
  doi = {10.1073/pnas.1521657113},
  timestamp = {2016-11-28T20:52:17Z},
  number = {24},
  journal = {Proceedings of the National Academy of Sciences},
  author = {Cohen, Jeremy M and Civitello, David J and Brace, Amber J and Feichtinger, Erin M and Ortega, C Nicole and Richardson, Jason C and Sauer, Erin L and Liu, Xuan and Rohr, Jason R},
  month = jun,
  year = {2016},
  pages = {E3359--E3364},
  file = {650E4C23-55EC-40A3-B2CD-B3C0C6C98EC5:/Users/mvevans/Library/Application Support/Zotero/Profiles/7gwsnntd.default/zotero/storage/SCEDGQ5D/650E4C23-55EC-40A3-B2CD-B3C0C6C98EC5.pdf:application/pdf},
  groups = {papersRIS,urbanDengue}
}

@article{leisnham2014,
  title = {Spatial and temporal habitat segregation of mosquitoes in urban {{Florida}}},
  volume = {9},
  doi = {10.1371/journal.pone.0091655},
  timestamp = {2016-11-28T20:50:32Z},
  number = {3},
  journal = {PLoS ONE},
  author = {Leisnham, Paul T and LaDeau, Shannon L and Juliano, Steven A},
  editor = {Sharakhov, Igor V},
  month = jan,
  year = {2014},
  file = {PLoS ONE 2014 Leisnham:/Users/mvevans/Library/Application Support/Zotero/Profiles/7gwsnntd.default/zotero/storage/VXS477C7/PLoS ONE 2014 Leisnham.pdf:application/pdf},
  groups = {mosqCompetition,papersRIS}
}

@article{mordecai2017,
  title = {Detecting the impact of temperature on transmission of {{Zika}}, dengue, and chikungunya using mechanistic models},
  volume = {11},
  issn = {1935-2735},
  doi = {10.1371/journal.pntd.0005568},
  timestamp = {2017-05-04T12:23:17Z},
  number = {4},
  urldate = {2017-05-04},
  journal = {PLOS Neglected Tropical Diseases},
  author = {Mordecai, Erin A. and Cohen, Jeremy M. and Evans, Michelle V. and Gudapati, Prithvi and Johnson, Leah R. and Lippi, Catherine A. and Miazgowicz, Kerri and Murdock, Courtney C. and Rohr, Jason R. and Ryan, Sadie J. and Savage, Van and Shocket, Marta S. and Ibarra, Anna Stewart and Thomas, Matthew B. and Weikel, Daniel P.},
  month = apr,
  year = {2017},
  keywords = {Aedes aegypti,Chikungunya infection,Chikungunya virus,Dengue virus,Forecasting,Infectious disease control,Mosquitoes,Zika virus},
  pages = {e0005568}
}

@article{mordecai2013,
  title = {Optimal temperature for malaria transmission is dramatically lower than previously predicted},
  volume = {16},
  issn = {1461-0248},
  doi = {10.1111/ele.12015},
  language = {en},
  timestamp = {2016-12-02T17:13:59Z},
  number = {1},
  urldate = {2016-03-16},
  journal = {Ecology Letteers},
  author = {Mordecai, Erin A. and Paaijmans, Krijn P. and Johnson, Leah R. and Balzer, Christian and Ben-Horin, Tal and {de Moor}, Emily and McNally, Amy and Pawar, Samraat and Ryan, Sadie J. and Smith, Thomas C. and Lafferty, Kevin D.},
  month = jan,
  year = {2013},
  keywords = {Anopheles,Climate change,disease ecology,malaria,Plasmodium falciparum,temperature},
  pages = {22--30},
  groups = {papersRIS}
}

@article{homer2015,
title={Completion of the 2011 National and Cover Database for the conterminous {{United States-Representing}} a decade of land cover change information},
journal= {Photogrammetric Engineering and Remote Sensing},
volume={81},
number= {5},
pages = {345--354},
author = {Homer, C. G. and Dewitz, J.A., and Yang, L. and Jin, S. and Danielson, P. and Xian, G. and Coulston J., and Herold, N.D. ad Wickham, J.D., and Megown, K.},
year = {2015}
}

@article{xian2011,
  title = {Change of impervious surface area between 2001 and 2006 in the conterminous {{United States}}},
  journal = {Photogrammetric Engineering and Remote Sensing},
  volume = {77},
  number = {8},
  year = {2011},
  pages = {758--762},
  author = {Xian, G. and Homer, C. and Dewitz, J. and Fry, J. and Hossain, N. and Wickham, J.}
}

@ONLINE{GeorgiaAEMN,
	author = {{University of Georgia}},
    title = {Georgia Automated Environmental Monitoring Network},
    year = {2017},
    url = {http://www.georgiaweather.net/}
    }

@article{shao2016,
  title = {Zika virus infection disrupts neurovascular development and results in postnatal microcephaly with brain damage},
  volume = {143},
  copyright = {\textcopyright{} 2016. Published by The Company of Biologists Ltd. http://www.biologists.com/user-licence-1-1/},
  issn = {0950-1991, 1477-9129},
  doi = {10.1242/dev.143768},
  language = {en},
  timestamp = {2017-08-31T14:22:24Z},
  number = {22},
  urldate = {2017-08-31},
  journal = {Development},
  author = {Shao, Qiang and Herrlinger, Stephanie and Yang, Si-Lu and Lai, Fan and Moore, Julie M. and Brindley, Melinda A. and Chen, Jian-Fu},
  month = nov,
  year = {2016},
  pages = {4127--4136},
  file = {Full Text PDF:/Users/mvevans/Library/Application Support/Zotero/Profiles/7gwsnntd.default/zotero/storage/F399ASQS/Shao et al. - 2016 - Zika virus infection disrupts neurovascular develo.pdf:application/pdf},
  pmid = {27729407}
}

@article{delatte2009,
  title = {Influence of temperature on immature development, survival, longevity, fecundity, and gonotrophic cycles of \textit{{{Aedes}} albopictus}, vector of chikungunya and dengue in the {{Indian Ocean}}},
  volume = {46},
  timestamp = {2016-11-28T20:51:31Z},
  number = {1},
  journal = {Journal of Medical Entomology},
  author = {Delatte, H and Gimonneau, G and Triboire, A and Fontenille, Didier},
  month = jan,
  year = {2009},
  pages = {33--41},
  file = {0EBE3FBB-2929-4E2C-83DA-B84267699793:/Users/mvevans/Library/Application Support/Zotero/Profiles/7gwsnntd.default/zotero/storage/C4TXHXDW/0EBE3FBB-2929-4E2C-83DA-B84267699793.pdf:application/pdf},
  groups = {papersRIS}
}

@article{yang2009,
  title = {Assessing the effects of temperature on the population of \textit{{{Aedes}} aegypti}, the vector of dengue},
  volume = {137},
  issn = {0950-2688},
  doi = {10.1017/S0950268809002040},
  language = {eng},
  timestamp = {2017-06-14T14:35:31Z},
  number = {8},
  journal = {Epidemiology \& Infection},
  author = {Yang, H. M. and Macoris, M. L. G. and Galvani, K. C. and Andrighetti, M. T. M. and Wanderley, D. M. V.},
  month = aug,
  year = {2009},
  keywords = {Aedes,Animals,Dengue virus,Female,Insect Vectors,Male,Models; Biological,population dynamics,Seasons,temperature},
  pages = {1188--1202},
  pmid = {19192322}
}

@article{alto2001,
  title = {Temperature effects on the dynamics of \textit{{{Aedes}} albopictus}({{Diptera}}: {{Culicidae}}) populations in the laboratory},
  volume = {38},
  doi = {10.1603/0022-2585-38.4.548},
  timestamp = {2016-11-28T20:53:46Z},
  number = {4},
  journal = {Journal of Medical Entomology},
  author = {Alto, Barry W and Juliano, Steven A},
  month = jul,
  year = {2001},
  pages = {548--556},
  file = {7CCBD2A8-D978-4C94-B1FA-961C8A99FAC5:/Users/mvevans/Library/Application Support/Zotero/Profiles/7gwsnntd.default/zotero/storage/4IEK2WEU/7CCBD2A8-D978-4C94-B1FA-961C8A99FAC5.pdf:application/pdf},
  groups = {papersRIS}
}

@article{lambrechts2011,
  title = {Impact of Daily Temperature Fluctuations on Dengue Virus Transmission by \textit{{{Aedes}} Aegypti}},
  volume = {108},
  doi = {10.1073/pnas.1101377108},
  timestamp = {2016-11-28T20:50:32Z},
  number = {18},
  journal = {Proceedings of the National Academy of Sciences},
  author = {Lambrechts, L and Paaijmans, K P and Fansiri, T and Carrington, L B and Kramer, L D and Thomas, M B and Scott, T W},
  month = may,
  year = {2011},
  pages = {7460--7465},
  file = {3A888E9E-6A49-49D2-AFE8-63BB29E797BE:/Users/mvevans/Library/Application Support/Zotero/Profiles/7gwsnntd.default/zotero/storage/EQCXVJCZ/3A888E9E-6A49-49D2-AFE8-63BB29E797BE.pdf:application/pdf},
  groups = {papersRIS}
}

@article{harrison2011,
  title = {Carry-over effects as drivers of fitness differences in animals},
  volume = {80},
  issn = {1365-2656},
  doi = {10.1111/j.1365-2656.2010.01740.x},
  language = {en},
  timestamp = {2017-06-10T20:54:46Z},
  number = {1},
  journal = {Journal of Animal Ecology},
  author = {Harrison, Xavier A. and Blount, Jonathan D. and Inger, Richard and Norris, D. Ryan and Bearhop, Stuart},
  month = jan,
  year = {2011},
  keywords = {Density dependence,micronutrients,population dynamics,reproductive threshold,seasonal interactions,state-dependent modelling},
  pages = {4--18},
  file = {Full Text PDF:/Users/mvevans/Library/Application Support/Zotero/Profiles/7gwsnntd.default/zotero/storage/E89HXDTX/Harrison et al. - 2011 - Carry-over effects as drivers of fitness differenc.pdf:application/pdf},
  groups = {urbanDengue}
}

@article{vonesh2005,
  title = {Sequential predator effects across three life stages of the {{African}} Tree Frog, \textit{{{Hyperolius}} Spinigularis}},
  volume = {143},
  issn = {0029-8549, 1432-1939},
  doi = {10.1007/s00442-004-1806-x},
  language = {en},
  timestamp = {2017-06-14T14:19:55Z},
  number = {2},
  urldate = {2017-06-14},
  journal = {Oecologia},
  author = {Vonesh, James R.},
  month = mar,
  year = {2005},
  pages = {280--290}
}

@article{shan2016,
  title = {An infectious {{cDNA}} clone of {{Zika}} virus to study viral virulence, mosquito transmission, and antiviral inhibitors},
  doi = {10.1016/j.chom.2016.05.004},
  abstract = {Cell Host and Microbe, Corrected proof. doi:10.1016/j.chom.2016.05.004},
  timestamp = {2016-11-28T20:53:45Z},
  journal = {Cell Host and Microbe},
  author = {Shan, Chao and Xie, Xuping and Muruato, Antonio E and Rossi, Shannan L and Roundy, Christopher M and Azar, Sasha R and Yang, Yujiao and Tesh, Robert B and Bourne, Nigel and Barrett, Alan D and Vasilakis, Nikos and Weaver, Scott C and Shi, Pei-Yong},
  month = may,
  year = {2016},
  keywords = {DENGUE},
  pages = {1--23},
  file = {283A9767-4F57-49F4-8F2D-7182B0D93C5A:/Users/mvevans/Library/Application Support/Zotero/Profiles/7gwsnntd.default/zotero/storage/SB5JKRQM/283A9767-4F57-49F4-8F2D-7182B0D93C5A.pdf:application/pdf},
  groups = {papersRIS,urbanDengue}
}

@article{balaya1969,
  title = {Investigations on an outbreak of dengue in {{Delhi}} in 1967},
  volume = {57},
  timestamp = {2017-08-17T22:59:37Z},
  number = {4},
  journal = {Indian Journal of Medical Research},
  author = {Balaya, S and Paul, SD and D'Lima, LV and Pavri, KM},
  year = {1969},
  pages = {767--774}
}

@article{livdahl1984,
  title = {Non-linear interactions of populations and the importance of estimating per capita rates of change},
  volume = {53},
  doi = {10.2307/4535},
  timestamp = {2016-11-28T20:52:39Z},
  number = {2},
  journal = {Journal of Animal Ecology},
  author = {Livdahl, Todd P and Sugihara, George},
  month = jun,
  year = {1984},
  pages = {573--580},
  file = {7A75ECB4-449B-4917-B213-E6E4E9D5C561:/Users/mvevans/Library/Application Support/Zotero/Profiles/7gwsnntd.default/zotero/storage/SIMDCZCA/7A75ECB4-449B-4917-B213-E6E4E9D5C561.pdf:application/pdf},
  groups = {papersRIS}
}

@article{livdahl1991,
  title = {Prospects for an invasion: competition between \textit{{{Aedes}} albopictus} and native \textit{{Aedes} triseriatus}},
  volume = {253},
  timestamp = {2016-11-28T20:51:02Z},
  journal = {Science},
  author = {Livdahl, Todd P and Willey, Michelle S},
  month = jan,
  year = {1991},
  pages = {189--191},
  file = {AE6A7360-6AC7-4CFD-B49E-0812DF218567:/Users/mvevans/Library/Application Support/Zotero/Profiles/7gwsnntd.default/zotero/storage/4IVAHPRN/AE6A7360-6AC7-4CFD-B49E-0812DF218567.pdf:application/pdf},
  groups = {papersRIS}
}

@article{reiner2013,
  title = {A systematic review of mathematical models of mosquito-borne pathogen transmission: 1970-2010},
  volume = {10},
  copyright = {. \textcopyright{} 2013 The Authors. Published by the Royal Society under the terms of the Creative Commons Attribution License http://creativecommons.org/licenses/by/3.0/, which permits unrestricted use, provided the original author and source are credited.},
  issn = {1742-5689, 1742-5662},
  shorttitle = {A Systematic Review of Mathematical Models of Mosquito-Borne Pathogen Transmission},
  doi = {10.1098/rsif.2012.0921},
  language = {en},
  timestamp = {2017-08-04T16:01:47Z},
  number = {81},
  urldate = {2017-08-04},
  journal = {Journal of The Royal Society Interface},
  author = {Reiner, Robert C. and Perkins, T. Alex and Barker, Christopher M. and Niu, Tianchan and Chaves, Luis Fernando and Ellis, Alicia M. and George, Dylan B. and Menach, Arnaud Le and Pulliam, Juliet R. C. and Bisanzio, Donal and Buckee, Caroline and Chiyaka, Christinah and Cummings, Derek A. T. and Garcia, Andres J. and Gatton, Michelle L. and Gething, Peter W. and Hartley, David M. and Johnston, Geoffrey and Klein, Eili Y. and Michael, Edwin and Lindsay, Steven W. and Lloyd, Alun L. and Pigott, David M. and Reisen, William K. and Ruktanonchai, Nick and Singh, Brajendra K. and Tatem, Andrew J. and Kitron, Uriel and Hay, Simon I. and Scott, Thomas W. and Smith, David L.},
  month = apr,
  year = {2013},
  pages = {20120921},
  pmid = {23407571}
}

@article{parham2015,
  title = {Climate, environmental and socio-economic change: {Weighing} up the balance in vector-borne disease transmission},
  volume = {370},
  doi = {10.1098/rstb.2013.0551},
  timestamp = {2016-11-28T20:53:07Z},
  number = {1665},
  journal = {Philosophical Transactions of the Royal Society B: Biological Sciences},
  author = {Parham, P E and Waldock, J and Christophides, G K and Hemming, D and Agusto, F and Evans, K J and Fefferman, N and Gaff, H and Gumel, A and LaDeau, S and Lenhart, S and Mickens, R E and Naumova, E N and Ostfeld, Richard S and Ready, P D and Thomas, M B and Velasco-Hernandez, J and Michael, E},
  month = feb,
  year = {2015},
  pages = {20130551--20130551},
  file = {A6A7D672-DE1B-4140-A5F3-8879F6F4AD71:/Users/mvevans/Library/Application Support/Zotero/Profiles/7gwsnntd.default/zotero/storage/WAS3K7G4/A6A7D672-DE1B-4140-A5F3-8879F6F4AD71.pdf:application/pdf},
  groups = {papersRIS}
}

@article{anyamba2014,
  title = {Recent weather extremes and impacts on agricultural production and vector-borne disease outbreak patterns},
  volume = {9},
  issn = {1932-6203},
  doi = {10.1371/journal.pone.0092538},
  timestamp = {2017-08-14T17:39:23Z},
  number = {3},
  urldate = {2017-08-14},
  journal = {PLOS ONE},
  author = {Anyamba, Assaf and Small, Jennifer L. and Britch, Seth C. and Tucker, Compton J. and Pak, Edwin W. and Reynolds, Curt A. and Crutchfield, James and Linthicum, Kenneth J.},
  month = mar,
  year = {2014},
  keywords = {Agricultural production,Australia,Drought,Flooding,Maize,Seasons,Vector-borne diseases,West Nile virus},
  pages = {e92538},
  file = {Full Text PDF:/Users/mvevans/Library/Application Support/Zotero/Profiles/7gwsnntd.default/zotero/storage/JWCSJKZ8/Anyamba et al. - 2014 - Recent Weather Extremes and Impacts on Agricultura.pdf:application/pdf;Snapshot:/Users/mvevans/Library/Application Support/Zotero/Profiles/7gwsnntd.default/zotero/storage/NH774F9G/article.html:text/html},
  groups = {urbanDengue}
}

@article{mourya2004,
  title = {Effect of temperature stress on immature stages and susceptibility of \textit{{Aedes} aeygpti} mosquitoes to chikungunya virus},
  volume = {70},
  issn = {0002-9637, 1476-1645},
  doi = {10.4269/ajtmh.2004.70.346},
  language = {en},
  timestamp = {2017-08-14T18:43:21Z},
  number = {4},
  urldate = {2017-08-14},
  journal = {Am. J. Trop. Med. Hyg.},
  author = {Mourya, D. T. and Yadav, P. and Mishra, A. C.},
  month = apr,
  year = {2004},
  pages = {346--350}
}

@article{westbrook2010,
  title = {Larval environmental temperature and the susceptibility of \textit{{{Aedes}} albopictus} {{Skuse}} ({{Diptera}}: {{Culicidae}}) to chikungunya virus},
  volume = {10},
  issn = {1530-3667},
  doi = {10.1089/vbz.2009.0035},
  timestamp = {2017-08-04T16:14:42Z},
  number = {3},
  journal = {Vector-Borne and Zoonotic Diseases},
  author = {Westbrook, Catherine J. and Reiskind, Michael H. and Pesko, Kendra N. and Greene, Krystle E. and Lounibos, L. Philip},
  month = sep,
  year = {2010},
  pages = {241--247},
  groups = {urbanDengue}
}

@article{adelman2013,
  title = {Cooler temperatures destabilize {{RNA}} interference and increase susceptibility of disease vector mosquitoes to viral infection},
  volume = {7},
  issn = {1935-2735},
  doi = {10.1371/journal.pntd.0002239},
  timestamp = {2017-08-04T16:14:35Z},
  number = {5},
  urldate = {2017-08-04},
  journal = {PLOS Neglected Tropical Diseases},
  author = {Adelman, Zach N. and Anderson, Michelle A. E. and Wiley, Michael R. and Murreddu, Marta G. and Samuel, Glady Hazitha and Morazzani, Elaine M. and Myles, Kevin M.},
  month = may,
  year = {2013},
  keywords = {Arboviral infections,Chikungunya infection,Disease Vectors,Mosquitoes,RNA interference,RNA sequencing,Small interfering RNAs,Vector-borne diseases},
  pages = {e2239},
  groups = {urbanDengue}
}

@article{turell1993,
  title = {Effect of environmental temperature on the vector competence of \textit{{{Aedes}} taeniorhynchus} for {{Rift Valley}} fever and {{Venezuelan}} equine encephalitis viruses},
  volume = {49},
  timestamp = {2017-08-28T19:06:44Z},
  number = {6},
  journal = {The American Journal of Tropical Medicine and Hygiene},
  author = {Turell, Michael},
  year = {1993},
  pages = {672--676},
  file = {TM0490060672.pdf:/Users/mvevans/Library/Application Support/Zotero/Profiles/7gwsnntd.default/zotero/storage/3UBYITN3/TM0490060672.pdf:application/pdf}
}


@article{muturi2010,
	title = {Interaction of a pesticide and larval competition on life history traits of \textit{{Culex} pipiens}},
	volume = {116},
	issn = {0001-706X},
	doi = {10.1016/j.actatropica.2010.07.003},
	number = {2},
	urldate = {2017-09-01},
	journal = {Acta Tropica},
	author = {Muturi, Ephantus J. and Costanzo, Katie and Kesavaraju, Banugopan and Lampman, Richard and Alto, Barry W.},
	month = nov,
	year = {2010},
	keywords = {Longevity, Competition, Life history traits, Pesticide},
	pages = {141--146},
	file = {ScienceDirect Full Text PDF:/home/drakelab/Zotero/storage/XRSKY7XI/Muturi et al. - 2010 - Interaction of a pesticide and larval competition .pdf:application/pdf}
}

@article{cheng2016,
	title = {Mosquito defense strategies against viral infection},
	volume = {32},
	issn = {1471-4922},
	doi = {10.1016/j.pt.2015.09.009},
	number = {3},
	urldate = {2017-09-01},
	journal = {Trends in Parasitology},
	author = {Cheng, Gong and Liu, Yang and Wang, Penghua and Xiao, Xiaoping},
	month = mar,
	year = {2016},
	pmid = {26626596},
	pmcid = {PMC4767563},
	pages = {177--186},
	file = {PubMed Central Full Text PDF:/home/drakelab/Zotero/storage/6FGBH3SX/Cheng et al. - 2016 - Mosquito defense strategies against viral infectio.pdf:application/pdf}
}
